<record><leader>00000cas a2200000Ma 4500</leader><controlfield tag="001">10731027</controlfield><controlfield tag="008">840514d18751876nhuwr ne      0    0eng d</controlfield><datafield ind1=" " ind2=" " tag="010"><subfield code="a">sn 84023068 </subfield></datafield><datafield ind1=" " ind2=" " tag="040"><subfield code="a">AQM</subfield><subfield code="b">eng</subfield><subfield code="c">AQM</subfield><subfield code="d">OCLCQ</subfield></datafield><datafield ind1="0" ind2="4" tag="245"><subfield code="a">The Campaign press.</subfield></datafield><datafield ind1=" " ind2=" " tag="260"><subfield code="a">Dover, N.H. :</subfield><subfield code="b">H.H. Metcalf</subfield></datafield><datafield ind1=" " ind2=" " tag="300"><subfield code="a">v.</subfield></datafield><datafield ind1=" " ind2=" " tag="310"><subfield code="a">Weekly</subfield></datafield><datafield ind1="1" ind2=" " tag="362"><subfield code="a">Began with Dec. 3, 1875 issue; ceased in Mar. 1876.</subfield><subfield code="z">Cf. Democratic press (Dover, N.H.), Nov. 26, 1875, Mar. 17, 1876.</subfield></datafield><datafield ind1=" " ind2=" " tag="500"><subfield code="a">Issued from the office of: Democratic press (Dover, N.H.).</subfield></datafield><datafield ind1=" " ind2=" " tag="500"><subfield code="a">Campaign paper.</subfield></datafield><datafield ind1=" " ind2=" " tag="588"><subfield code="a">Description based on: No. 8 (Jan. 28, 1876).</subfield></datafield><datafield ind1=" " ind2="7" tag="655"><subfield code="a">Campaign newspapers.</subfield><subfield code="2">ngl</subfield></datafield><datafield ind1=" " ind2=" " tag="752"><subfield code="a">United States</subfield><subfield code="b">New Hampshire</subfield><subfield code="c">Strafford</subfield><subfield code="d">Dover.</subfield></datafield></record>